
@article{Brzozowski64,
    author = {Janusz A. Brzozowski},
    title = {Derivatives of regular expressions},
    journal = {Journal of the ACM},
    year = {1964},
    volume = {11},
    Qpages = {481--494}
}